% ------------ fontes cientificas boas


% ------------ fontes cientificas fracas


% ------------ fontes nao-cientificas decentes


% ------------ fontes nao-cientificas fraca, equivalente a "recebi no zap"

